<?xml version="1.0" encoding="UTF-8"?><collection xmlns="http://www.loc.gov/MARC21/slim"><record><leader>00510nam--2200169-i-4500</leader><controlfield tag="001">000026060</controlfield><controlfield tag="002">20161230</controlfield><controlfield tag="005">20161230201036</controlfield><controlfield tag="008">060222s1000------------r-----000-0-eng-d</controlfield><datafield ind1=" " ind2=" " tag="040"><subfield code="a">IFIN-HH</subfield></datafield><datafield ind1=" " ind2=" " tag="080"><subfield code="a">539.162.17</subfield></datafield><datafield ind1="1" ind2=" " tag="100"><subfield code="a">Jones, William Vernon</subfield></datafield><datafield ind1="1" ind2="0" tag="245"><subfield code="a">Lateral and angular structure of electromagnetic cascades</subfield><subfield code="b">Dissertation</subfield><subfield code="c">William vernon jones</subfield></datafield><datafield ind1=" " ind2=" " tag="260"><subfield code="a">Ann Arbor, Michigan</subfield><subfield code="b">University Microfilms, Inc</subfield><subfield code="c">1967</subfield></datafield><datafield ind1=" " ind2=" " tag="300"><subfield code="a">IX+110P</subfield></datafield><datafield ind1=" " ind2=" " tag="852"><subfield code="a">29229</subfield><subfield code="c">539.12</subfield></datafield><datafield ind1=" " ind2=" " tag="CAT"><subfield code="a">Sys</subfield><subfield code="c">20111116</subfield><subfield code="h">143828</subfield></datafield></record></collection>